@Manual{shin,
    title = {shiny: Web Application Framework for R},
    author = {Winston Chang and Joe Cheng and JJ Allaire and Yihui Xie and Jonathan McPherson},
    year = {2020},
    note = {R package version 1.5.0},
    url = {https://CRAN.R-project.org/package=shiny},
  }


 @Manual{kable,
    title = {kableExtra: Construct Complex Table with 'kable' and Pipe Syntax},
    author = {Hao Zhu},
    year = {2020},
    note = {R package version 1.3.1},
    url = {https://CRAN.R-project.org/package=kableExtra},
  }

 @Manual{dply,
    title = {dplyr: A Grammar of Data Manipulation},
    author = {Hadley Wickham and Romain François and Lionel {
             Henry} and Kirill Müller},
    year = {2020},
    note = {R package version 1.0.2},
    url = {https://CRAN.R-project.org/package=dplyr},
  }

 @Book{Springer,
    author = {Hadley Wickham},
    title = {ggplot2: Elegant Graphics for Data Analysis},
    publisher = {Springer-Verlag New York},
    year = {2016},
    isbn = {978-3-319-24277-4},
    url = {https://ggplot2.tidyverse.org},
  }


@Manual{gextra,
    title = {ggExtra: Add Marginal Histograms to 'ggplot2', and More 'ggplot2'
Enhancements},
    author = {Dean Attali and Christopher Baker},
    year = {2019},
    note = {R package version 0.9},
    url = {https://CRAN.R-project.org/package=ggExtra},
  }

  @Manual{naria,
    title = {naniar: Data Structures, Summaries, and Visualisations for Missing Data},
    author = {Nicholas Tierney and Di Cook and Miles McBain and Colin Fay},
    year = {2020},
    note = {R package version 0.6.0},
    url = {https://CRAN.R-project.org/package=naniar},
  }

 @Manual{cluster,
    title = {cluster: Cluster Analysis Basics and Extensions},
    author = {Martin Maechler and Peter Rousseeuw and Anja Struyf and Mia Hubert and Kurt Hornik},
    year = {2021},
    url = {https://CRAN.R-project.org/package=cluster},
    note = {R package version 2.1.2 --- For new features, see the 'Changelog' file (in the package source)},
  }
  
  @Article{nclus,
    title = {{NbClust}: An {R} Package for Determining the Relevant Number of Clusters in a Data Set},
    author = {Malika Charrad and Nadia Ghazzali and V{\'e}ronique Boiteau and Azam Niknafs},
    journal = {Journal of Statistical Software},
    year = {2014},
    volume = {61},
    number = {6},
    pages = {1--36},
    url = {http://www.jstatsoft.org/v61/i06/},
  }

@Manual{fact,
    title = {factoextra: Extract and Visualize the Results of Multivariate Data Analyses},
    author = {Alboukadel Kassambara and Fabian Mundt},
    year = {2020},
    note = {R package version 1.0.7},
    url = {https://CRAN.R-project.org/package=factoextra},
  }

@Manual{kextra,
    title = {kableExtra: Construct Complex Table with 'kable' and Pipe Syntax},
    author = {Hao Zhu},
    year = {2020},
    note = {R package version 1.3.1},
    url = {https://CRAN.R-project.org/package=kableExtra},
  }
  
@Manual{gol,
    title = {golem: A Framework for Robust Shiny Applications},
    author = {Colin Fay and Vincent Guyader and Sébastien Rochette and Cervan Girard},
    year = {2021},
    note = {R package version 0.3.1},
    url = {https://CRAN.R-project.org/package=golem},
  }
  
  @misc{usta, title={Tennis Serving Rules: USTA}, url={https://www.usta.com/en/home/improve/tips-and-instruction/national/tennis-serving-rules.html}, journal={Play Tennis & Learn the Game}, author={USTA}}
  
  @article{kilit, title={Playing tennis matches on clay court surfaces are associated with more perceived enjoyment response but less perceived exertion compared to hard courts}, volume={48}, DOI={10.5507/ag.2018.021}, number={4}, journal={Acta Gymnica}, author={Kilit, Bulent and Arslan, Ersan}, year={2018}, pages={147–152}}
  
  @misc{step, title={Introducing Return Impact Maps}, url={http://on-the-t.com/2021/01/19/Return-Impact-Maps/}, journal={Stats On the T}, author={Stephanie, Kovalchik}, year={2021}, month={Jan}}
  
  @book{bradley, place={Boca Raton}, title={Hands-on machine learning with R}, publisher={CRC Press is an imprint of the Taylor & Francis Group, an informa business}, author={Boehmke, Brad and Greenwell, Brandon C.}, year={2020}}
  
  @Manual{mod,
    title = {Rmixmod: Classification with Mixture Modelling},
    author = {Florent Langrognet and Remi Lebret and Christian Poli and Serge Iovleff and Benjamin Auder and Serge Iovleff},
    year = {2020},
    note = {R package version 2.1.5},
    url = {https://CRAN.R-project.org/package=Rmixmod},
  }


@misc{stickit, title={ Gaussian mixture models¶}, url={https://scikit-learn.org/stable/modules/mixture.html}, journal={scikit}, author={scikit-learn}}
  @Article{tidyverse,
    title = {Welcome to the {tidyverse}},
    author = {Hadley Wickham and Mara Averick and Jennifer Bryan and Winston Chang and Lucy D'Agostino McGowan and Romain François and Garrett Grolemund and Alex Hayes and Lionel Henry and Jim Hester and Max Kuhn and Thomas Lin Pedersen and Evan Miller and Stephan Milton Bache and Kirill Müller and Jeroen Ooms and David Robinson and Dana Paige Seidel and Vitalie Spinu and Kohske Takahashi and Davis Vaughan and Claus Wilke and Kara Woo and Hiroaki Yutani},
    year = {2019},
    journal = {Journal of Open Source Software},
    volume = {4},
    number = {43},
    pages = {1686},
    doi = {10.21105/joss.01686},
  }



  @Manual{grid,
    title = {gridExtra: Miscellaneous Functions for "Grid" Graphics},
    author = {Baptiste Auguie},
    year = {2017},
    note = {R package version 2.3},
    url = {https://CRAN.R-project.org/package=gridExtra},
  }




  @Manual{themes,
    title = {ggthemes: Extra Themes, Scales and Geoms for 'ggplot2'},
    author = {Jeffrey B. Arnold},
    year = {2019},
    note = {R package version 4.2.0},
    url = {https://CRAN.R-project.org/package=ggthemes},
  }




  @Manual{rcolor,
    title = {RColorBrewer: ColorBrewer Palettes},
    author = {Erich Neuwirth},
    year = {2014},
    note = {R package version 1.1-2},
    url = {https://CRAN.R-project.org/package=RColorBrewer},
  }


  
  @Manual{dash,
    title = {shinydashboard: Create Dashboards with 'Shiny'},
    author = {Winston Chang and Barbara {Borges Ribeiro}},
    year = {2018},
    note = {R package version 0.7.1},
    url = {https://CRAN.R-project.org/package=shinydashboard},
  }
  
  @Manual{readr,
    title = {readr: Read Rectangular Text Data},
    author = {Hadley Wickham and Jim Hester},
    year = {2020},
    note = {R package version 1.4.0},
    url = {https://CRAN.R-project.org/package=readr},
  }
  

   @Manual{gthe,
    title = {ggthemes: Extra Themes, Scales and Geoms for 'ggplot2'},
    author = {Jeffrey B. Arnold},
    year = {2019},
    note = {R package version 4.2.0},
    url = {https://CRAN.R-project.org/package=ggthemes},
  }
  